<record><leader>00000cas a22000007a 4500</leader><controlfield tag="001">28249546</controlfield><controlfield tag="008">930610d183u18uunyuwr ne      0    0eng d</controlfield><datafield ind1=" " ind2=" " tag="010"><subfield code="a">sn 93063892 </subfield></datafield><datafield ind1=" " ind2=" " tag="040"><subfield code="a">NYS</subfield><subfield code="b">eng</subfield><subfield code="c">NYS</subfield><subfield code="d">OCL</subfield><subfield code="d">OCLCQ</subfield></datafield><datafield ind1=" " ind2=" " tag="042"><subfield code="a">msc</subfield></datafield><datafield ind1=" " ind2=" " tag="043"><subfield code="a">n-us-ny</subfield></datafield><datafield ind1="0" ind2="0" tag="245"><subfield code="a">Republican sentinel: or, the farmer's protest against political speculation and dictation.</subfield></datafield><datafield ind1="3" ind2="0" tag="246"><subfield code="a">Republican sentinel</subfield></datafield><datafield ind1=" " ind2=" " tag="260"><subfield code="a">Slate-Hill, Orange County, N.Y. :</subfield><subfield code="b">D. Yokum</subfield></datafield><datafield ind1=" " ind2=" " tag="300"><subfield code="a">v. ;</subfield><subfield code="c">51 cm.</subfield></datafield><datafield ind1=" " ind2=" " tag="310"><subfield code="a">Weekly</subfield></datafield><datafield ind1=" " ind2=" " tag="500"><subfield code="a">Publishers: D. Yokum, &lt;July 26, 1834&gt;; P.K. Allen, &lt;Aug. 30, 1834&gt;.</subfield></datafield><datafield ind1=" " ind2=" " tag="588"><subfield code="a">Description based on: Vol. 1, no. 20 (July 26, 1834).</subfield></datafield><datafield ind1=" " ind2="0" tag="651"><subfield code="a">Slate Hill (N.Y.)</subfield><subfield code="v">Newspapers.</subfield></datafield><datafield ind1=" " ind2=" " tag="752"><subfield code="a">United States</subfield><subfield code="b">New York</subfield><subfield code="c">Orange</subfield><subfield code="d">Slate Hill.</subfield></datafield></record>